@inproceedings{jGenProg,
  title={Astor: A program repair library for java},
  author={Martinez, Matias and Monperrus, Martin},
  booktitle={Proceedings of the 25th International Symposium on Software Testing and Analysis},
  pages={441--444},
  year={2016},
  organization={ACM}
}

@inproceedings{HDRepair,
	title={History driven program repair},
	author={Le, Xuan Bach D and Lo, David and Le Goues, Claire},
	booktitle={2016 IEEE 23rd International Conference on Software Analysis, Evolution, and Reengineering (SANER)},
	volume={1},
	pages={213--224},
	year={2016},
	organization={IEEE}
}

@article{Nopol,
	title={Nopol: Automatic repair of conditional statement bugs in java programs},
	author={Xuan, Jifeng and Martinez, Matias and Demarco, Favio and Clement, Maxime and Marcote, Sebastian Lamelas and Durieux, Thomas and Le Berre, Daniel and Monperrus, Martin},
	journal={IEEE Transactions on Software Engineering},
	volume={43},
	number={1},
	pages={34--55},
	year={2016},
	publisher={IEEE}
}

@inproceedings{ACS,
	title={Precise condition synthesis for program repair},
	author={Xiong, Yingfei and Wang, Jie and Yan, Runfa and Zhang, Jiachen and Han, Shi and Huang, Gang and Zhang, Lu},
	booktitle={2017 IEEE/ACM 39th International Conference on Software Engineering (ICSE)},
	pages={416--426},
	year={2017},
	organization={IEEE}
}

@inproceedings{Elixir,
	title={ELIXIR: effective object oriented program repair},
	author={Saha, Ripon K and Lyu, Yingjun and Yoshida, Hiroaki and Prasad, Mukul R},
	booktitle={Proceedings of the 32nd IEEE/ACM International Conference on Automated Software Engineering},
	pages={648--659},
	year={2017},
	organization={IEEE Press}
}

@inproceedings{ssFix,
	title={Leveraging syntax-related code for automated program repair},
	author={Xin, Qi and Reiss, Steven P},
	booktitle={Proceedings of the 32nd IEEE/ACM International Conference on Automated Software Engineering},
	pages={660--670},
	year={2017},
	organization={IEEE Press}
}

@inproceedings{CapGen,
	title={Context-aware patch generation for better automated program repair},
	author={Wen, Ming and Chen, Junjie and Wu, Rongxin and Hao, Dan and Cheung, Shing-Chi},
	booktitle={Proceedings of the 40th International Conference on Software Engineering},
	pages={1--11},
	year={2018},
	organization={ACM}
}

@inproceedings{SketchFix,
	title={Sketchfix: A tool for automated program repair approach using lazy candidate generation},
	author={Hua, Jinru and Zhang, Mengshi and Wang, Kaiyuan and Khurshid, Sarfraz},
	booktitle={Proceedings of the 2018 26th ACM Joint Meeting on European Software Engineering Conference and Symposium on the Foundations of Software Engineering},
	pages={888--891},
	year={2018},
	organization={ACM}
}

@article{FixMiner,
	title={Fixminer: Mining relevant fix patterns for automated program repair},
	author={Koyuncu, Anil and Liu, Kui and Bissyand{\'e}, Tegawend{\'e} F and Kim, Dongsun and Klein, Jacques and Monperrus, Martin and Traon, Yves Le},
	journal={arXiv preprint arXiv:1810.01791},
	year={2018}
}

@inproceedings{LSRepair,
	title={LSRepair: Live search of fix ingredients for automated program repair},
	author={Liu, Kui and Koyuncu, Anil and Kim, Kisub and Kim, Dongsun and Bissyand{\'e}, Tegawend{\'e} F},
	booktitle={2018 25th Asia-Pacific Software Engineering Conference (APSEC)},
	pages={658--662},
	year={2018},
	organization={IEEE}
}

@inproceedings{Avatar,
	title={Avatar: Fixing semantic bugs with fix patterns of static analysis violations},
	author={Liu, Kui and Koyuncu, Anil and Kim, Dongsun and Bissyand{\'e}, Tegawend{\'e} F},
	booktitle={2019 IEEE 26th International Conference on Software Analysis, Evolution and Reengineering (SANER)},
	pages={1--12},
	year={2019},
	organization={IEEE}
}

@inproceedings{SimFix,
	title={Shaping program repair space with existing patches and similar code},
	author={Jiang, Jiajun and Xiong, Yingfei and Zhang, Hongyu and Gao, Qing and Chen, Xiangqun},
	booktitle={Proceedings of the 27th ACM SIGSOFT International Symposium on Software Testing and Analysis},
	pages={298--309},
	year={2018},
	organization={ACM}
}

@article{TBar,
	title={TBar: Revisiting Template-based Automated Program Repair},
	author={Liu, Kui and Koyuncu, Anil and Kim, Dongsun and Bissyand{\'e}, Tegawend{\'e} F},
	journal={arXiv preprint arXiv:1903.08409},
	year={2019}
}

@article{Rachet,
	title={Learning to generate corrective patches using neural machine translation},
	author={Hata, Hideaki and Shihab, Emad and Neubig, Graham},
	journal={arXiv preprint arXiv:1812.07170},
	year={2018}
}

@article{CODIT,
	title={CODIT: Code Editing with Tree-Based NeuralMachine Translation},
	author={Chakraborty, Saikat and Allamanis, Miltiadis and Ray, Baishakhi},
	journal={arXiv preprint arXiv:1810.00314},
	year={2018}
}

@inproceedings{Tufano,
	title={On learning meaningful code changes via neural machine translation},
	author={Tufano, Michele and Pantiuchina, Jevgenija and Watson, Cody and Bavota, Gabriele and Poshyvanyk, Denys},
	booktitle={Proceedings of the 41st International Conference on Software Engineering},
	pages={25--36},
	year={2019},
	organization={IEEE Press}
}

@inproceedings{icse20,
author = {Li, Yi and Wang, Shaohua and Nguyen, Tien N.},
title = {DLFix: Context-Based Code Transformation Learning for Automated Program Repair},
year = {2020},
isbn = {9781450371216},
publisher = {Association for Computing Machinery},
address = {New York, NY, USA},
url = {https://doi.org/10.1145/3377811.3380345},
doi = {10.1145/3377811.3380345},
booktitle = {Proceedings of the ACM/IEEE 42nd International Conference on Software Engineering},
pages = {602–614},
numpages = {13},
location = {Seoul, South Korea},
series = {ICSE '20}
}

@inproceedings{lutellier2020coconut,
	title={CoCoNuT: Combining context-aware neural translation models using ensemble for program repair},
	author={Lutellier, Thibaud and Pham, Hung Viet and Pang, Lawrence and Li, Yitong and Wei, Moshi and Tan, Lin},
	booktitle={Proceedings of the 29th ACM SIGSOFT International Symposium on Software Testing and Analysis},
	pages={101--114},
	year={2020}
}