@inproceedings{nguyen2020word,
  title={Do Word Embeddings Capture Spelling Variation?},
  author={Nguyen, Dong and Grieve, Jack},
  booktitle={Proceedings of the 28th International Conference on Computational Linguistics},
  pages={870--881},
  year={2020}
}

@article{ethayarajh2019contextual,
	title={How contextual are contextualized word representations? comparing the geometry of BERT, ELMo, and GPT-2 embeddings},
	author={Ethayarajh, Kawin},
	journal={arXiv preprint arXiv:1909.00512},
	year={2019}
}

@article{kim2020pre,
	title={Are pre-trained language models aware of phrases? simple but strong baselines for grammar induction},
	author={Kim, Taeuk and Choi, Jihun and Edmiston, Daniel and Lee, Sang-goo},
	journal={arXiv preprint arXiv:2002.00737},
	year={2020}
}

@inproceedings{bommasani2020interpreting,
	title={Interpreting Pretrained Contextualized Representations via Reductions to Static Embeddings},
	author={Bommasani, Rishi and Davis, Kelly and Cardie, Claire},
	booktitle={Proceedings of the 58th Annual Meeting of the Association for Computational Linguistics},
	pages={4758--4781},
	year={2020}
}

@inproceedings{icse16,
author = {Van Nguyen, Thanh and Nguyen, Anh Tuan and Nguyen, Tien N.},
title = {Characterizing API Elements in Software Documentation with Vector Representation},
year = {2016},
isbn = {9781450342056},
publisher = {Association for Computing Machinery},
address = {New York, NY, USA},
url = {https://doi.org/10.1145/2889160.2892658},
doi = {10.1145/2889160.2892658},
booktitle = {Proceedings of the 38th International Conference on Software Engineering Companion},
pages = {749â€“751},
numpages = {3},
series = {ICSE '16}
}

