@inproceedings{ase14,
 author = {Nguyen, Anh Tuan and Nguyen, Hoan Anh and Nguyen, Tung Thanh and Nguyen, Tien N.},
 title = {{Statistical Learning Approach for Mining API Usage Mappings for Code Migration}},
 booktitle = {Proceedings of the 29th ACM/IEEE International Conference on Automated Software Engineering},
 series = {ASE '14},
 year = {2014},
 isbn = {978-1-4503-3013-8},
 location = {Vasteras, Sweden},
 pages = {457--468},
 numpages = {12},
 url = {http://doi.acm.org/10.1145/2642937.2643010},
 doi = {10.1145/2642937.2643010},
 acmid = {2643010},
 publisher = {ACM},
 address = {New York, NY, USA},
 keywords = {api mappings, api usages, code migration, statistical learning},
} 

@inproceedings{Andersen2008:patch,
 author = {Andersen, J. and Lawall, J. L.},
 title = {Generic Patch Inference},
 booktitle = {Proceedings of the 2008 23rd IEEE/ACM International Conference on Automated Software Engineering}, 
 series = {ASE '08},
 year = {2008},
 isbn = {978-1-4244-2187-9},
 pages = {337--346},
 numpages = {10},
 url = {http://dx.doi.org/10.1109/ASE.2008.44},
 doi = {10.1109/ASE.2008.44},
 acmid = {1642970},
 publisher = {IEEE Computer Society},
 address = {Washington, DC, USA},
 keywords = {abstract representation, Linux device driver maintenance, Linux internal library, spdiff tool, generic patch inference},
}

@MISC{Antlr,
        TITLE     = {{Antlr}},
        HOWPUBLISHED = {https://github.com/antlr/},
        KEY       = {Antlr},
}



@article{ibmmodel,
 author = {Brown, Peter F. and Della Pietra, Vincent J. and Della Pietra, Stephen A. and Mercer, Robert L.},
 title = {The Mathematics of Statistical Machine Translation: Parameter Estimation},
 journal = {Comput. Linguist.},
 issue_date = {June 1993},
 volume = {19},
 number = {2},
 month = jun,
 year = {1993},
 issn = {0891-2017},
 pages = {263--311},
 numpages = {49},
 url = {http://dl.acm.org/citation.cfm?id=972470.972474},
 acmid = {972474},
 publisher = {MIT Press},
 address = {Cambridge, MA, USA},
} 

@inproceedings{phrasal10,
 author = {Cer, Daniel and Galley, Michel and Jurafsky, Daniel and Manning, Christopher D.},
 title = {Phrasal: A Toolkit for Statistical Machine Translation with Facilities for Extraction and Incorporation of Arbitrary Model Features},
 booktitle = {Proceedings of the NAACL HLT 2010 Demonstration Session},
 series = {HLT-DEMO '10},
 year = {2010},
 location = {Los Angeles, California},
 pages = {9--12},
 numpages = {4},
 url = {http://dl.acm.org/citation.cfm?id=1855450.1855453},
 acmid = {1855453},
 publisher = {Association for Computational Linguistics},
 address = {Stroudsburg, PA, USA},
} 

@inproceedings{Chow1996,
 author = {Chow, Kingsum and Notkin, David},
 title = {Semi-automatic Update of Applications in Response to Library Changes},
 booktitle = {Proceedings of the 1996 International Conference on Software Maintenance},
 series = {ICSM '96},
 year = {1996},
 isbn = {0-8186-7677-9},
 pages = {359--},
 url = {http://dl.acm.org/citation.cfm?id=645544.655865},
 acmid = {655865},
 publisher = {IEEE Computer Society},
 address = {Washington, DC, USA},
 keywords = {changed functions, costs, library changes, library maintainer, library semantics, library syntax, programmers, rules, semi-automatic application update, software libraries, toolset, updated libraries},
} 

@inproceedings{Dagenais2008,
 author = {Dagenais, Barth{\'e}l{\'e}my and Robillard, Martin P.},
 title = {Recommending Adaptive Changes for Framework Evolution},
 booktitle = {Proceedings of the 30th International Conference on Software Engineering},
 series = {ICSE '08},
 year = {2008},
 isbn = {978-1-60558-079-1},
 location = {Leipzig, Germany},
 pages = {481--490},
 numpages = {10},
 url = {http://doi.acm.org/10.1145/1368088.1368154},
 doi = {10.1145/1368088.1368154},
 acmid = {1368154},
 publisher = {ACM},
 address = {New York, NY, USA},
 keywords = {adaptive changes, framework, historical study, mining software repositories, origin analysis, partial program analysis, recommendation system, software evolution},
} 

@MISC{db4o,
        TITLE     = {{Db4o}},
        HOWPUBLISHED = {http://sourceforge.net/projects/db4o/},
        KEY       = {Db4o},
}

@inproceedings{El-Ramly-3,
 author = {El-Ramly, M. and Eltayeb, R. and Alla, H. A.},
 title = {An Experiment in Automatic Conversion of Legacy Java Programs to C\#},
 booktitle = {Proceedings of the IEEE International Conference on Computer Systems and Applications},
 series = {AICCSA '06},
 year = {2006},
 isbn = {1-4244-0211-5},
 pages = {1037--1045},
 numpages = {9},
 url = {http://dx.doi.org/10.1109/AICCSA.2006.205215},
 doi = {10.1109/AICCSA.2006.205215},
 acmid = {1317693},
 publisher = {IEEE Computer Society},
 address = {Washington, DC, USA},
} 

@MISC{fpml,
        TITLE     = {{fpml}},
        HOWPUBLISHED = {http://sourceforge.net/projects/fpml-toolkit/},
        KEY       = {fpml},
}

@MISC{googletranslate,
        TITLE     = {{Google Translate}},
        HOWPUBLISHED = {http://translate.google.com/},
        KEY       = {Google Translate},
}

@inproceedings{han-ase09,
 author = {Han, Sangmok and Wallace, David R. and Miller, Robert C.},
 title = {Code Completion from Abbreviated Input},
 booktitle = {Proceedings of the 2009 IEEE/ACM International Conference on Automated Software Engineering},
 series = {ASE '09},
 year = {2009},
 isbn = {978-0-7695-3891-4},
 pages = {332--343},
 numpages = {12},
 url = {http://dx.doi.org/10.1109/ASE.2009.64},
 doi = {10.1109/ASE.2009.64},
 acmid = {1747530},
 publisher = {IEEE Computer Society},
 address = {Washington, DC, USA},
 keywords = {Code Completion, Hidden Markov Model, Abbreviation, Multiple Keywords, Code Assistants, Data Mining},
} 

@article{hassan-05-4,
 author = {Hassan, Ahmed E. and Holt, Richard C.},
 title = {A Lightweight Approach for Migrating Web Frameworks},
 journal = {Inf. Softw. Technol.},
 issue_date = {June, 2005},
 volume = {47},
 number = {8},
 month = jun,
 year = {2005},
 issn = {0950-5849},
 pages = {521--532},
 numpages = {12},
 url = {http://dx.doi.org/10.1016/j.infsof.2004.10.002},
 doi = {10.1016/j.infsof.2004.10.002},
 acmid = {1709710},
 publisher = {Butterworth-Heinemann},
 address = {Newton, MA, USA},
 keywords = {Amazon, Framework, Water transformations},
} 

@inproceedings{Henkel2005,
 author = {Henkel, Johannes and Diwan, Amer},
 title = {CatchUp!: Capturing and Replaying Refactorings to Support API Evolution},
 booktitle = {Proceedings of the 27th International Conference on Software Engineering},
 series = {ICSE '05},
 year = {2005},
 isbn = {1-58113-963-2},
 location = {St. Louis, MO, USA},
 pages = {274--283},
 numpages = {10},
 url = {http://doi.acm.org/10.1145/1062455.1062512},
 doi = {10.1145/1062455.1062512},
 acmid = {1062512},
 publisher = {ACM},
 address = {New York, NY, USA},
 keywords = {application programming interfaces, refactoring, software evolution},
} 

@inproceedings{natural,
 author = {Hindle, Abram and Barr, Earl T. and Su, Zhendong and Gabel, Mark and Devanbu, Premkumar},
 title = {On the Naturalness of Software},
 booktitle = {Proceedings of the 34th International Conference on Software Engineering},
 series = {ICSE '12},
 year = {2012},
 isbn = {978-1-4673-1067-3},
 location = {Zurich, Switzerland},
 pages = {837--847},
 numpages = {11},
 url = {http://dl.acm.org/citation.cfm?id=2337223.2337322},
 acmid = {2337322},
 publisher = {IEEE Press},
 address = {Piscataway, NJ, USA},
} 

@MISC{Itext,
        TITLE     = {{iText}},
        HOWPUBLISHED = {http://sourceforge.net/projects/itext/},
        KEY       = {iText},
}

@inproceedings{jacob10,
 author = {Jacob, Ferosh and Tairas, Robert},
 title = {Code Template Inference Using Language Models},
 booktitle = {Proceedings of the 48th Annual Southeast Regional Conference},
 series = {ACM SE '10},
 year = {2010},
 isbn = {978-1-4503-0064-3},
 location = {Oxford, Mississippi},
 pages = {104:1--104:6},
 articleno = {104},
 numpages = {6},
 url = {http://doi.acm.org/10.1145/1900008.1900143},
 doi = {10.1145/1900008.1900143},
 acmid = {1900143},
 publisher = {ACM},
 address = {New York, NY, USA},
 keywords = {auto complete, n-gram language model, source code, template},
} 

@MISC{java2cs,
        TITLE     = {{Java2CSharp}},
        HOWPUBLISHED = {http://sourceforge.net/projects/j2cstranslator/},
        KEY       = {Java2CSharp},
}

@MISC{JGit,
        TITLE     = {{JGit}},
        HOWPUBLISHED = {https://github.com/eclipse/jgit/},
        KEY       = {JGit},
}

@MISC{JTS,
        TITLE     = {{JTS}},
        HOWPUBLISHED = {http://sourceforge.net/projects/jts-topo-suite/},
        KEY       = {JTS},
}

@book{smtbook,
 author = {Koehn, Philipp},
 title = {Statistical Machine Translation},
 year = {2010},
 isbn = {0521874157, 9780521874151},
 edition = {1st},
 publisher = {Cambridge University Press},
 address = {New York, NY, USA},
} 

@inproceedings{phrase-based-SMT,
 author = {Koehn, Philipp and Och, Franz Josef and Marcu, Daniel},
 title = {Statistical Phrase-based Translation},
 booktitle = {Proceedings of the 2003 Conference of the North American Chapter of the Association for Computational Linguistics on Human Language Technology - Volume 1},
 series = {NAACL '03},
 year = {2003},
 location = {Edmonton, Canada},
 pages = {48--54},
 numpages = {7},
 url = {http://dx.doi.org/10.3115/1073445.1073462},
 doi = {10.3115/1073445.1073462},
 acmid = {1073462},
 publisher = {Association for Computational Linguistics},
} 

@MISC{Lucene,
        TITLE     = {{Lucene}},
        HOWPUBLISHED = {http://lucene.apache.org/},
        KEY       = {Lucene},
}

@book{manning99,
 author = {Manning, Christopher D. and Sch\"{u}tze, Hinrich},
 title = {Foundations of Statistical Natural Language Processing},
 year = {1999},
 isbn = {0-262-13360-1},
 publisher = {MIT Press},
 address = {Cambridge, MA, USA},
} 

@inproceedings{meng-icse12,
 author = {Meng, Sichen and Wang, Xiaoyin and Zhang, Lu and Mei, Hong},
 title = {A History-based Matching Approach to Identification of Framework Evolution},
 booktitle = {Proceedings of the 34th International Conference on Software Engineering},
 series = {ICSE '12},
 year = {2012},
 isbn = {978-1-4673-1067-3},
 location = {Zurich, Switzerland},
 pages = {353--363},
 numpages = {11},
 url = {http://dl.acm.org/citation.cfm?id=2337223.2337265},
 acmid = {2337265},
 publisher = {IEEE Press},
 address = {Piscataway, NJ, USA},
} 

@MISC{mstranslator,
        TITLE     = {{Microsoft Translator}},
        HOWPUBLISHED = {http://www.bing.com/translator},
        KEY       = {Microsoft Translator},
}

@inproceedings{mossienko-8,
 author = {Mossienko, Maxim},
 title = {Automated Cobol to Java Recycling},
 booktitle = {Proceedings of the Seventh European Conference on Software Maintenance and Reengineering},
 series = {CSMR '03},
 year = {2003},
 isbn = {0-7695-1902-4},
 pages = {40--},
 url = {http://dl.acm.org/citation.cfm?id=872754.873596},
 acmid = {873596},
 publisher = {IEEE Computer Society},
 address = {Washington, DC, USA},
} 

@MISC{Neodatis,
        TITLE     = {{Neodatis}},
        HOWPUBLISHED = {http://sourceforge.net/projects/neodatis-odb/},
        KEY       = {Neodatis},
}

@inproceedings{fse13-nier,
 author = {Nguyen, Anh Tuan and Nguyen, Tung Thanh and Nguyen, Tien N.},
 title = {Lexical Statistical Machine Translation for Language Migration},
 booktitle = {Proceedings of the 2013 9th Joint Meeting on Foundations of Software Engineering},
 series = {ESEC/FSE 2013},
 year = {2013},
 isbn = {978-1-4503-2237-9},
 location = {Saint Petersburg, Russia},
 pages = {651--654},
 numpages = {4},
 url = {http://doi.acm.org/10.1145/2491411.2494584},
 doi = {10.1145/2491411.2494584},
 acmid = {2494584},
 publisher = {ACM},
 address = {New York, NY, USA},
 keywords = {Language Migration, Statistical Machine Translation},
} 

@inproceedings{fse13,
 author = {Nguyen, Tung Thanh and Nguyen, Anh Tuan and Nguyen, Hoan Anh and Nguyen, Tien N.},
 title = {A Statistical Semantic Language Model for Source Code},
 booktitle = {Proceedings of the 2013 9th Joint Meeting on Foundations of Software Engineering},
 series = {ESEC/FSE 2013},
 year = {2013},
 isbn = {978-1-4503-2237-9},
 location = {Saint Petersburg, Russia},
 pages = {532--542},
 numpages = {11},
 url = {http://doi.acm.org/10.1145/2491411.2491458},
 doi = {10.1145/2491411.2491458},
 acmid = {2491458},
 publisher = {ACM},
 address = {New York, NY, USA},
 keywords = {Code Completion, Statistical Semantic Language Model},
} 

@inproceedings{icse14-demo,
 author = {Nguyen, Anh Tuan and Nguyen, Tung Thanh and Nguyen, Tien N.},
 title = {Migrating Code with Statistical Machine Translation},
 booktitle = {Companion Proceedings of the 36th International Conference on Software Engineering},
 series = {ICSE Companion 2014},
 year = {2014},
 isbn = {978-1-4503-2768-8},
 location = {Hyderabad, India},
 pages = {544--547},
 numpages = {4},
 url = {http://doi.acm.org/10.1145/2591062.2591072},
 doi = {10.1145/2591062.2591072},
 acmid = {2591072},
 publisher = {ACM},
 address = {New York, NY, USA},
 keywords = {Language Migration, Statistical Machine Translation},
} 

@inproceedings{nita-icse10,
 author = {Nita, Marius and Notkin, David},
 title = {Using Twinning to Adapt Programs to Alternative {APIs}},
 booktitle = {Proceedings of the 32Nd ACM/IEEE International Conference on Software Engineering - Volume 1},
 series = {ICSE '10},
 year = {2010},
 isbn = {978-1-60558-719-6},
 location = {Cape Town, South Africa},
 pages = {205--214},
 numpages = {10},
 url = {http://doi.acm.org/10.1145/1806799.1806832},
 doi = {10.1145/1806799.1806832},
 acmid = {1806832},
 publisher = {ACM},
 address = {New York, NY, USA},
 keywords = {API mapping, source-to-source translation, twinning},
} 

@article{Padioleau2007,
 author = {Padioleau, Yoann and Lawall, Julia L. and Muller, Gilles},
 title = {{SmPL: A Domain-Specific Language for Specifying Collateral Evolutions in Linux Device Drivers}},
 journal = {Electron. Notes Theor. Comput. Sci.},
 issue_date = {January, 2007},
 volume = {166},
 month = jan,
 year = {2007},
 issn = {1571-0661},
 pages = {47--62},
 numpages = {16},
 url = {http://dx.doi.org/10.1016/j.entcs.2006.07.022},
 doi = {10.1016/j.entcs.2006.07.022},
 acmid = {1223430},
 publisher = {Elsevier Science Publishers B. V.},
 address = {Amsterdam, The Netherlands, The Netherlands},
 keywords = {Linux, collateral evolutions, device drivers, domain-specific languages},
} 

@inproceedings{bleu,
 author = {Papineni, Kishore and Roukos, Salim and Ward, Todd and Zhu, Wei-Jing},
 title = {{BLEU: A Method for Automatic Evaluation of Machine Translation}},
 booktitle = {Proceedings of the 40th Annual Meeting on Association for Computational Linguistics},
 series = {ACL '02},
 year = {2002},
 location = {Philadelphia, Pennsylvania},
 pages = {311--318},
 numpages = {8},
 url = {http://dx.doi.org/10.3115/1073083.1073135},
 doi = {10.3115/1073083.1073135},
 acmid = {1073135},
 publisher = {Association for Computational Linguistics},
 address = {Stroudsburg, PA, USA},
} 

@MISC{POI,
        TITLE     = {{POI}},
        HOWPUBLISHED = {http://poi.apache.org/},
        KEY       = {POI},
}

@inproceedings{tansey08,
 author = {Tansey, Wesley and Tilevich, Eli},
 title = {Annotation Refactoring: Inferring Upgrade Transformations for Legacy Applications},
 booktitle = {Proceedings of the 23rd ACM SIGPLAN Conference on Object-oriented Programming Systems Languages and Applications},
 series = {OOPSLA '08},
 year = {2008},
 isbn = {978-1-60558-215-3},
 location = {Nashville, TN, USA},
 pages = {295--312},
 numpages = {18},
 url = {http://doi.acm.org/10.1145/1449764.1449788},
 doi = {10.1145/1449764.1449788},
 acmid = {1449788},
 publisher = {ACM},
 address = {New York, NY, USA},
 keywords = {JUnit, annotations, eclipse, frameworks, java, metadata, refactoring, upgrading},
} 

@inproceedings{vanDeursen-15,
 author = {van Deursen, Arie and Kuipers, Tobias},
 title = {Identifying Objects Using Cluster and Concept Analysis},
 booktitle = {Proceedings of the 21st International Conference on Software Engineering},
 series = {ICSE '99},
 year = {1999},
 isbn = {1-58113-074-0},
 location = {Los Angeles, California, USA},
 pages = {246--255},
 numpages = {10},
 url = {http://doi.acm.org/10.1145/302405.302629},
 doi = {10.1145/302405.302629},
 acmid = {302629},
 publisher = {ACM},
 address = {New York, NY, USA},
} 

@article{waters-16,
 author = {Waters, Richard C.},
 title = {Program Translation Via Abstraction and Reimplementation},
 journal = {IEEE Trans. Softw. Eng.},
 issue_date = {August 1988},
 volume = {14},
 number = {8},
 month = aug,
 year = {1988},
 issn = {0098-5589},
 pages = {1207--1228},
 numpages = {22},
 url = {http://dx.doi.org/10.1109/32.7629},
 doi = {10.1109/32.7629},
 acmid = {48830},
 publisher = {IEEE Press},
 address = {Piscataway, NJ, USA},
 keywords = {COBOL, Cobol, Hibol, PDP-11 object code, Pascal, Pascal programs, Programmer's Apprentice, abstract understanding, business data processing language, compilers, data structures, expert systems, knowledge based system, program compilers, program interpreters, reimplementation, translator},
} 

@inproceedings{aura-icse10,
 author = {Wu, Wei and Gu{\'e}h{\'e}neuc, Yann-Ga\"{e}l and Antoniol, Giuliano and Kim, Miryung},
 title = {AURA: A Hybrid Approach to Identify Framework Evolution},
 booktitle = {Proceedings of the 32nd ACM/IEEE International Conference on Software Engineering - Volume 1},
 series = {ICSE '10},
 year = {2010},
 isbn = {978-1-60558-719-6},
 location = {Cape Town, South Africa},
 pages = {325--334},
 numpages = {10},
 url = {http://doi.acm.org/10.1145/1806799.1806848},
 doi = {10.1145/1806799.1806848},
 acmid = {1806848},
 publisher = {ACM},
 address = {New York, NY, USA},
} 

@article{Xing2007:diffcatchup,
 author = {Xing, Zhenchang and Stroulia, Eleni},
 title = {{API-Evolution Support with Diff-CatchUp}},
 journal = {IEEE Trans. Softw. Eng.},
 issue_date = {December 2007},
 volume = {33},
 number = {12},
 month = dec,
 year = {2007},
 issn = {0098-5589},
 pages = {818--836},
 numpages = {19},
 url = {http://dx.doi.org/10.1109/TSE.2007.70747},
 doi = {10.1109/TSE.2007.70747},
 acmid = {1314041},
 publisher = {IEEE Press},
 address = {Piscataway, NJ, USA},
 keywords = {D.2.10.g Object-oriented design methods, D.2.2.eProgrammer workbench, D.2.2.eProgrammer workbench, D.2.3Coding Tools and Techniques, D.2.3.aObject-oriented programming, D.2.10.g Object-oriented design methods, D.2.3.aObject-oriented programming, D.2.3Coding Tools and Techniques},
} 

@article{yasumatsu-18,
 author = {Yasumatsu, Kazuki and Doi, Norihisa},
 title = {{SPiCE: A System for Translating Smalltalk Programs Into a C Environment}},
 journal = {IEEE Trans. Softw. Eng.},
 issue_date = {November 1995},
 volume = {21},
 number = {11},
 month = nov,
 year = {1995},
 issn = {0098-5589},
 pages = {902--912},
 numpages = {11},
 url = {http://dx.doi.org/10.1109/32.473219},
 doi = {10.1109/32.473219},
 acmid = {631198},
 publisher = {IEEE Press},
 address = {Piscataway, NJ, USA},
 keywords = {Application delivery, garbage collection, interoperability, object-oriented languages, Smalltalk, translation.},
} 

@inproceedings{zhong-icse10,
 author = {Zhong, Hao and Thummalapenta, Suresh and Xie, Tao and Zhang, Lu and Wang, Qing},
 title = {Mining {API} Mapping for Language Migration},
 booktitle = {Proceedings of the 32nd ACM/IEEE International Conference on Software Engineering - Volume 1},
 series = {ICSE '10},
 year = {2010},
 isbn = {978-1-60558-719-6},
 location = {Cape Town, South Africa},
 pages = {195--204},
 numpages = {10},
 url = {http://doi.acm.org/10.1145/1806799.1806831},
 doi = {10.1145/1806799.1806831},
 acmid = {1806831},
 publisher = {ACM},
 address = {New York, NY, USA},
 keywords = {API mapping relation, language migration},
} 

@INPROCEEDINGS{bartolomei10, 
author={Bartolomei, T.T. and Czarnecki, K. and Lämmel, R.}, 
booktitle={Software Maintenance (ICSM), 2010 IEEE International Conference on}, 
title={Swing to SWT and back: Patterns for API migration by wrapping}, 
year={2010}, 
month={Sept}, 
pages={1-10}, 
publisher = {IEEE},
}

@MISC{zxing,
        TITLE     = {{ZXing}},
        HOWPUBLISHED = {https://github.com/zxing/zxing},
        KEY       = {ZXing},
}

@MISC{zxingnet,
        TITLE     = {{ZXing.Net}},
        HOWPUBLISHED = {http://zxingnet.codeplex.com/},
        KEY       = {ZXing.Net},
}

@MISC{sharpen,
        TITLE     = {{Sharpen}},
        HOWPUBLISHED = {https://github.com/mono/sharpen},
        KEY       = {sharpen},
}

@MISC{dms,
        TITLE     = {{DMS}},
        HOWPUBLISHED = {http://www.semdesigns.com/Products/DMS/DMSToolkit.html},
        KEY       = {DMS},
}

@MISC{j2CConv,
        TITLE     = {{Java to C\# Converter}},
        HOWPUBLISHED = {\href{http://www.tangiblesoftwaresolutions.com/Product_Details/Java_to_CSharp_Converter.html}{http://www.tangiblesoftwaresolutions.com/Product\_Details/ Java\_to\_CSharp\_Converter.html}},
        KEY       = {j2CConv},
}

@MISC{xes,
        TITLE     = {{XES}},
        HOWPUBLISHED = {\href{http://www.euclideanspace.com/software/language/xes/userGuide/convert/javaToCSharp/}{http://www.euclideanspace.com/software/language/xes/userGuide/ convert/javaToCSharp/}},
        KEY       = {XES},
}

@MISC{octopus,
        TITLE     = {{Octopus.Net Translator}},
        HOWPUBLISHED = {http://www.remotesoft.com/octopus/},
        KEY       = {Octopus},
}

@MISC{jlca,
        TITLE     = {{Microsoft Java Language Conversion Assistant}},
        HOWPUBLISHED = {http://support.microsoft.com/kb/819018},
        KEY       = {JLCA},
}



@inproceedings{hsiao-oopsla14,
 author = {Hsiao, Chun-Hung and Cafarella, Michael and Narayanasamy, Satish},
 title = {Using Web Corpus Statistics for Program Analysis},
 booktitle = {Proceedings of the 2014 ACM International Conference on Object Oriented Programming Systems Languages \&\#38; Applications},
 series = {OOPSLA '14},
 year = {2014},
 isbn = {978-1-4503-2585-1},
 location = {Portland, Oregon, USA},
 pages = {49--65},
 numpages = {17},
 url = {http://doi.acm.org/10.1145/2660193.2660226},
 doi = {10.1145/2660193.2660226},
 acmid = {2660226},
 publisher = {ACM},
 address = {New York, NY, USA},
 keywords = {copy-paste bug, corpus-driven, javascript, plagiarism detection, programmatic n-gram},
} 

@inproceedings{sudoh15,
 author = {Sudoh, Katsuhito and Duh, Kevin and Tsukada, Hajime and Hirao, Tsutomu and Nagata, Masaaki},
 title = {Divide and Translate: Improving Long Distance Reordering in Statistical Machine Translation},
 booktitle = {Proceedings of the Joint Fifth Workshop on Statistical Machine Translation and MetricsMATR},
 series = {WMT '10},
 year = {2010},
 isbn = {978-1-932432-71-8},
 location = {Uppsala, Sweden},
 pages = {418--427},
 numpages = {10},
 url = {http://dl.acm.org/citation.cfm?id=1868850.1868912},
 acmid = {1868912},
 publisher = {Association for Computational Linguistics},
 address = {Stroudsburg, PA, USA},
} 

@article{mikolovLS13,
  added-at = {2013-10-16T00:00:00.000+0200},
  author = {Mikolov, Tomas and Le, Quoc V. and Sutskever, Ilya},
  biburl = {http://www.bibsonomy.org/bibtex/2568999b66f43f7438845e796deb72fd1/dblp},
  ee = {http://arxiv.org/abs/1309.4168},
  interhash = {b3c5cbe55304ca25baa2adf193fef4cf},
  intrahash = {568999b66f43f7438845e796deb72fd1},
  journal = {CoRR},
  keywords = {dblp},
  timestamp = {2013-10-17T11:34:00.000+0200},
  title = {Exploiting Similarities among Languages for Machine Translation.},
  url = {http://dblp.uni-trier.de/db/journals/corr/corr1309.html#MikolovLS13},
  volume = {abs/1309.4168},
  year = 2013
}

@inproceedings{word2vec,
  author    = {Tomas Mikolov and
               Ilya Sutskever and
               Kai Chen and
               Gregory S. Corrado and
               Jeffrey Dean},
  title     = {Distributed Representations of Words and Phrases and their Compositionality},
  booktitle = {Advances in Neural Information Processing Systems 26: 27th Annual
               Conference on Neural Information Processing Systems 2013 (NIPS'13).},
  pages     = {3111--3119},
  year      = {2013},
}

@article{dnnbook,
 author = {Deng, Li and Yu, Dong},
 title = {Deep Learning: Methods and Applications},
 journal = {Found. Trends Signal Process.},
 issue_date = {June 2014},
 volume = {7},
 month = jun,
 year = {2014},
 issn = {1932-8346},
 pages = {197--387},
 numpages = {191},
 url = {http://dx.doi.org/10.1561/2000000039},
 doi = {10.1561/2000000039},
 acmid = {2692918},
 publisher = {Now Publishers Inc.},
 address = {Hanover, MA, USA},
 keywords = {Artificial intelligence, Autoencoders, Computer vision, Deep learning, Deep neural networks, Deep stacking networks, Hybrid deep networks, Language models, Machine learning, Multi-modal processing, Multi-task learning, Natural language processing, Neural networks, Object recognition, Supervised learning, Unsupervised learning},
} 


@book{pcabook,
 author = {I. Jolliffe},
 title = {Principal Component Analysis},
 year = {1986},
 publisher = {Springer-Verlag},
 address = {USA},
}

@INPROCEEDINGS{sutton-msr13, 
author={Allamanis, M. and Sutton, C.}, 
booktitle={Proceedings of 10th Conference on Mining Software Repositories (MSR)}, 
title={Mining source code repositories at massive scale using language modeling}, 
year={2013}, 
pages={207-216}, 
publisher= {IEEE},
}

@inproceedings{fse09,
 author = {Nguyen, Tung Thanh and Nguyen, Hoan Anh and Pham, Nam H. and Al-Kofahi, Jafar M. and Nguyen, Tien N.},
 title = {Graph-based Mining of Multiple Object Usage Patterns},
 booktitle = {Proceedings of Conference on the Foundations of Software Engineering},
 series = {ESEC/FSE '09},
 year = {2009},
 pages = {383--392},
 publisher = {ACM},
}

@inproceedings{mapo-ecoop09,
 author = {Zhong, Hao and Xie, Tao and Zhang, Lu and Pei, Jian and Mei, Hong},
 title = {{MAPO: Mining and Recommending API Usage Patterns}},
 booktitle = {Proceedings of the 23rd European Conference on Object-Oriented Programming},
 year = {2009},
 pages = {318--343},
 publisher = {Springer},
} 

@Inproceedings {NAACL2013Regularities,
author       = {Tomas Mikolov and W.~T. Yih and Geoffrey Zweig},
booktitle    = {Proceedings of the 2013 Conference of the North American Chapter of the
                Association for Computational Linguistics: Human Language Technologies
                (NAACL-HLT-2013)},
month        = {May},
publisher    = {Association for Computational Linguistics},
title        = {Linguistic Regularities in Continuous Space Word Representations},
year         = {2013},
}

@article{word2vec-paper,
  author    = {Tomas Mikolov and
               Kai Chen and
               Greg Corrado and
               Jeffrey Dean},
  title     = {Efficient Estimation of Word Representations in Vector Space},
  journal   = {CoRR},
  volume    = {abs/1301.3781},
  year      = {2013},
  url       = {http://arxiv.org/abs/1301.3781},
  timestamp = {Thu, 07 May 2015 20:02:01 +0200},
  biburl    = {http://dblp.uni-trier.de/rec/bib/journals/corr/abs-1301-3781},
  bibsource = {dblp computer science bibliography, http://dblp.org}
}

@inproceedings{ase15,
 author = {Anh Tuan Nguyen and Tung Thanh Nguyen and Tien N. Nguyen},
 title = {Divide-and-Conquer Approach for Multi-phase Statistical Migration for Source Code},
 booktitle = {Proceedings of the 30th ACM/IEEE International Conference on Automated Software Engineering},
 series = {ASE '15},
 year = {2015},
 publisher = {ACM},
} 

@techreport{dig13,
 author = {Stas Negara and Mihai Codoban and Danny Dig and Ralph Johnson},
 title = {Mining Continuous Code Changes to Detect Frequent Program Transformations},
 year = {2013},
 institution = {University of Illinois - Urbana Champaign},
}

@inproceedings{ray-fse12,
 author = {Ray, Baishakhi and Kim, Miryung},
 title = {A case study of cross-system porting in forked projects},
 booktitle = {Proceedings of the ACM SIGSOFT 20th International Symposium on the Foundations of Software Engineering},
 series = {FSE '12},
 year = {2012},
 pages = {53:1--53:11},
 publisher = {ACM},
}

@inproceedings{ray-tool-fse12,
 author = {Ray, Baishakhi and Wiley, Christopher and Kim, Miryung},
 title = {{REPERTOIRE: a cross-system porting analysis tool for forked software projects}},
 booktitle = {Proceedings of the ACM SIGSOFT 20th International Symposium on the Foundations of Software Engineering},
 series = {FSE '12},
 year = {2012},
 pages = {8:1--8:4},
 publisher = {ACM},
}

@inproceedings{meng-icse13,
 author = {Meng, Na and Kim, Miryung and McKinley, Kathryn S.},
 title = {{LASE: locating and applying systematic edits by learning from examples}},
 booktitle = {Proceedings of the 2013 International Conference on Software Engineering},
 series = {ICSE '13},
 year = {2013},
 pages = {502--511},
 publisher = {IEEE Press},
}   

@INPROCEEDINGS{Lawall2009:apienforce,
  author = {Lawall, Julia L. and Muller, Gilles and Palix, Nicolas},
  title = {Enforcing the use of {API} functions in linux code},
  booktitle = {ACP4IS '09: Proceedings of the 8th workshop on Aspects, components,
	and patterns for infrastructure software},
  year = {2009},
  pages = {7--12},
  address = {New York, NY, USA},
  publisher = {ACM},
  doi = {http://doi.acm.org/10.1145/1509276.1509279},
  isbn = {978-1-60558-450-8},
  location = {Charlottesville, Virginia, USA}
}

@inproceedings{vechev-onward14,
 author = {Karaivanov, Svetoslav and Raychev, Veselin and Vechev, Martin},
 title = {Phrase-Based Statistical Translation of Programming Languages},
 booktitle = {Proceedings of the 2014 ACM International Symposium on New Ideas, New Paradigms, and Reflections on Programming \& Software},
 series = {Onward! 2014},
 year = {2014},
 isbn = {978-1-4503-3210-1},
 location = {Portland, Oregon, USA},
 pages = {173--184},
 numpages = {12},
 url = {http://doi.acm.org/10.1145/2661136.2661148},
 doi = {10.1145/2661136.2661148},
 acmid = {2661148},
 publisher = {ACM},
 address = {New York, NY, USA},
 keywords = {programming language translation, statistical machine translation},
} 

@inproceedings{hide-ase15,
 author = {Yusuke Oda and Hiroyuki Fudaba and Graham Neubig and Hideaki Hata and Sakriani Sakti and Tomoki Toda and Satoshi Nakamura},
 title = {Learning to Generate Pseudo-code from Source Code using Statistical Machine Translation},
 booktitle = {Proceedings of the 30th ACM/IEEE International Conference on Automated Software Engineering},
 series = {ASE '15},
 year = {2015},
 publisher = {IEEE},
} 

@inproceedings{barr-codeconvention-fse14,
 author = {Allamanis, Miltiadis and Barr, Earl T. and Bird, Christian and Sutton, Charles},
 title = {Learning Natural Coding Conventions},
 booktitle = {Proceedings of the 22nd ACM SIGSOFT International Symposium on Foundations of Software Engineering},
 series = {FSE 2014},
 year = {2014},
 isbn = {978-1-4503-3056-5},
 location = {Hong Kong, China},
 pages = {281--293},
 numpages = {13},
 doi = {10.1145/2635868.2635883},
 acmid = {2635883},
 publisher = {ACM},
 address = {New York, NY, USA},
} 

@Inproceedings {tarlow14,
author       = {Chris J Maddison and Daniel Tarlow},
booktitle    = {The 31st International Conference on Machine Learning (ICML)},
journal      = {arXiv preprint arXiv:1401.0514},
month        = {June},
title        = {Structured Generative Models of Natural Source Code},
year         = {2014},
}

@inproceedings{tonella-icse14,
 author = {Tonella, Paolo and Tiella, Roberto and Nguyen, Cu Duy},
 title = {Interpolated N-grams for Model Based Testing},
 booktitle = {Proceedings of the 36th International Conference on Software Engineering},
 series = {ICSE 2014},
 year = {2014},
 isbn = {978-1-4503-2756-5},
 location = {Hyderabad, India},
 pages = {562--572},
 numpages = {11},
 url = {http://doi.acm.org/10.1145/2568225.2568242},
 doi = {10.1145/2568225.2568242},
 acmid = {2568242},
 publisher = {ACM},
 address = {New York, NY, USA},
 keywords = {Model based testing, N-gram statistics, test case generation},
} 

@inproceedings{mira14,
 author = {Amann, Sven and Proksch, Sebastian and Mezini, Mira},
 title = {Method-call Recommendations from Implicit Developer Feedback},
 booktitle = {Proceedings of the 1st International Workshop on CrowdSourcing in Software Engineering},
 series = {CSI-SE 2014},
 year = {2014},
 isbn = {978-1-4503-2857-9},
 location = {Hyderabad, India},
 pages = {5--6},
 numpages = {2},
 url = {http://doi.acm.org/10.1145/2593728.2593730},
 doi = {10.1145/2593728.2593730},
 acmid = {2593730},
 publisher = {ACM},
 address = {New York, NY, USA},
 keywords = {Code completion, collaborative filtering, crowd sourcing, integrated development environment, method-call recommendation},
}

@INPROCEEDINGS{white-msr15, 
author={Martin White and Christopher Vendome and Mario Linares-Vasquez and Denys Poshyvanyk}, 
booktitle={12th IEEE Working Conference on Mining Software Repositories (MSR'15)}, 
title={Toward Deep Learning Software Repositories},
year={2015}, 
month={May}, 
publisher = {IEEE CS},
}

@inproceedings{hermans13, 
    Author = {Michiel Hermans and Benjamin Schrauwen}, 
    Booktitle = {Advances in Neural Information Processing Systems 26}, 
    Title = {Training and Analysing Deep Recurrent Neural Networks}, 
    Year = {2013}, 
    Pages = {190--198} 
   }

@article{pascanuGCB13,
  author    = {Razvan Pascanu and
               {\c{C}}aglar G{\"{u}}l{\c{c}}ehre and
               Kyunghyun Cho and
               Yoshua Bengio},
  title     = {How to Construct Deep Recurrent Neural Networks},
  journal   = {CoRR},
  volume    = {abs/1312.6026},
  year      = {2013},
}

@MISC{rnntool,
     HOWPUBLISHED = "http://rnnlm.org/",
     KEY = {RNNLM Toolkit},
}

@article{tbcnn14,
  author    = {Lili Mou and
               Ge Li and
               Zhi Jin and
               Lu Zhang and
               Tao Wang},
  title     = {{TBCNN:} {A} Tree-Based Convolutional Neural Network for Programming
               Language Processing},
  journal   = {CoRR},
  volume    = {abs/1409.5718},
  year      = {2014},
  url       = {http://arxiv.org/abs/1409.5718},
}

@inproceedings{bimodal15,
 author = {Miltos Allamanis and Daniel Tarlow and Andrew Gordon and Yi Wei},
 title = {Bimodal Modelling of Source Code and Natural Language},
 booktitle = {Proceedings of the 32nd International Conference on Machine Learning},
 series = {ICML '15},
 year = {2015},
}  

@inproceedings{sutton-fse15,
 author = {Allamanis, Miltiadis and Barr, Earl T. and Bird, Christian and Sutton, Charles},
 title = {Suggesting Accurate Method and Class Names},
 booktitle = {Proceedings of the 2015 10th Joint Meeting on Foundations of Software Engineering},
 series = {ESEC/FSE 2015},
 year = {2015},
 isbn = {978-1-4503-3675-8},
 location = {Bergamo, Italy},
 pages = {38--49},
 numpages = {12},
 url = {http://doi.acm.org/10.1145/2786805.2786849},
 doi = {10.1145/2786805.2786849},
 acmid = {2786849},
 publisher = {ACM},
 address = {New York, NY, USA},
 keywords = {Coding conventions, naturalness of software},
} 

@inproceedings{tu-fse14,
 author = {Tu, Zhaopeng and Su, Zhendong and Devanbu, Premkumar},
 title = {On the Localness of Software},
 booktitle = {Proceedings of the 22nd ACM SIGSOFT International Symposium on Foundations of Software Engineering},
 series = {FSE 2014},
 year = {2014},
 isbn = {978-1-4503-3056-5},
 location = {Hong Kong, China},
 pages = {269--280},
 numpages = {12},
 url = {http://doi.acm.org/10.1145/2635868.2635875},
 doi = {10.1145/2635868.2635875},
 acmid = {2635875},
 publisher = {ACM},
 address = {New York, NY, USA},
 keywords = {Cache Language Model, Code Suggestion, Localness},
} 


@inproceedings{ethz-pldi14,
 author = {Raychev, Veselin and Vechev, Martin and Yahav, Eran},
 title = {Code Completion with Statistical Language Models},
 booktitle = {Proceedings of the 35th ACM SIGPLAN Conference on Programming Language Design and Implementation},
 series = {PLDI '14},
 year = {2014},
 pages = {419--428},
 publisher = {ACM},
}

@inproceedings{icse15,
 author = {Nguyen, Anh Tuan and Nguyen, Tien N.},
 title = {Graph-based Statistical Language Model for Code},
 booktitle = {Proceedings of the 37th International Conference on Software Engineering},
 series = {ICSE'15},
 year = {2015},
 publisher = {IEEE CS},
}

@MISC{bekerleyaligner,
        TITLE     = {{The BerkeleyAligner}},
        HOWPUBLISHED = {https://code.google.com/p/berkeleyaligner/},
        KEY       = {bekerleyaligner}
}

@inproceedings{rutgers-icse13,
 author = {Gokhale, Amruta and Ganapathy, Vinod and Padmanaban, Yogesh},
 title = {Inferring Likely Mappings Between {APIs}},
 booktitle = {Proceedings of the International Conference on Software Engineering},
 series = {ICSE '13},
 year = {2013},
 isbn = {978-1-4673-3076-3},
 location = {San Francisco, CA, USA},
 pages = {82--91},
 numpages = {10},
 url = {http://dl.acm.org/citation.cfm?id=2486788.2486800},
 acmid = {2486800},
 publisher = {IEEE},
} 

@MISC{website,
     TITLE = {JV2CS Project's Website}, 
     HOWPUBLISHED = {\href{http://home.eng.iastate.edu/~trong/projects/jv2cs/}{http://home.eng.iastate.edu/$\sim$trong/projects/jv2cs/}},
     KEY = {jv2cs},
}

@inproceedings{Moreno_icse15,
 author = {Moreno, Laura and Bavota, Gabriele and Di Penta, Massimiliano and Oliveto, Rocco and Marcus, Andrian},
 title = {How Can I Use This Method?},
 booktitle = {Proceedings of the 37th International Conference on Software Engineering - Volume 1},
 series = {ICSE '15},
 year = {2015},
 isbn = {978-1-4799-1934-5},
 location = {Florence, Italy},
 pages = {880--890},
 numpages = {11},
 url = {http://dl.acm.org/citation.cfm?id=2818754.2818860},
 acmid = {2818860},
 publisher = {IEEE Press},
 address = {Piscataway, NJ, USA},
} 

@inproceedings{Linares-Vasquez_msr14,
 author = {Linares-V\'{a}squez, Mario and Bavota, Gabriele and Bernal-C\'{a}rdenas, Carlos and Oliveto, Rocco and Di Penta, Massimiliano and Poshyvanyk, Denys},
 title = {Mining Energy-greedy API Usage Patterns in Android Apps: An Empirical Study},
 booktitle = {Proceedings of the 11th Working Conference on Mining Software Repositories},
 series = {MSR 2014},
 year = {2014},
 isbn = {978-1-4503-2863-0},
 location = {Hyderabad, India},
 pages = {2--11},
 numpages = {10},
 url = {http://doi.acm.org/10.1145/2597073.2597085},
 doi = {10.1145/2597073.2597085},
 acmid = {2597085},
 publisher = {ACM},
 address = {New York, NY, USA},
 keywords = {Empirical Study, Energy consumption, Mobile applications},
} 

@INPROCEEDINGS{Fei_ase15, 
author={Fei Lv and HongYu Zhang and Jian-guang Lou and Shaowei Wang and Dongmei Zhang and Jianjun Zhao}, 
booktitle={Automated Software Engineering (ASE), 2015 30th IEEE/ACM International Conference on}, 
title={CodeHow: Effective Code Search Based on API Understanding and Extended Boolean Model}, 
year={2015}, 
pages={260-270}, 
keywords={Boolean algebra;application program interfaces;query processing;text analysis;API;C# projects;CodeHow;GitHub;Microsoft Azure service;Microsoft developers;Visual Studio extension;code retrieval;code search technique;extended Boolean model;free-text queries;large-scale codebase;precision score;programming practices;software development;text similarity;user query;Documentation;Indexes;Libraries;Programming;Software;Standards;Visualization;API understanding;Extended Boolean model;code search;software reuse}, 
doi={10.1109/ASE.2015.42}, 
month={Nov},}

@INPROCEEDINGS{poster_icse16,
 author = {Trong Duc Nguyen and Anh Tuan Nguyen and Tien N. Nguyen},
 title = {Mapping {API} Elements for Code Migration with Vector Representations},
 booktitle = {Proceedings of the 38th International Conference on Software Engineering, Poster Track},
 series = {ICSE '16},
 year = {2016},
 location = {Texas, USA},
 numpages = {3}
} 

@inproceedings{ye-icse16,
 author = {Ye, Xin and Shen, Hui and Ma, Xiao and Bunescu, Razvan and Liu, Chang},
 title = {From Word Embeddings to Document Similarities for Improved Information Retrieval in Software Engineering},
 booktitle = {Proceedings of the 38th International Conference on Software Engineering},
 series = {ICSE '16},
 year = {2016},
 location = {Austin, Texas},
 pages = {404--415},
 numpages = {12},
 url = {http://doi.acm.org/10.1145/2884781.2884862},
 doi = {10.1145/2884781.2884862},
 publisher = {ACM},
} 


@inproceedings{gu-fse16,
 author = {Xiaodong Gu and Hongyu Zhang and Dongmei Zhang and Sunghun Kim},
 title = {Deep {API} Learning},
 booktitle = {Proceedings of the ACM SIGSOFT International Symposium on Foundations of Software Engineering},
 series = {FSE 2016},
 year = {2016 (To appear)},
 publisher = {ACM},
} 

@article{sutton-16,
  author    = {Jaroslav M. Fowkes and
               Charles A. Sutton},
  title     = {Parameter-Free Probabilistic {API} Mining at {GitHub} Scale},
  journal   = {CoRR},
  volume    = {abs/1512.05558},
  year      = {2015},
  url       = {http://arxiv.org/abs/1512.05558},
  timestamp = {Sat, 02 Jan 2016 11:38:49 +0100},
  biburl    = {http://dblp.uni-trier.de/rec/bib/journals/corr/FowkesS15a},
  bibsource = {dblp computer science bibliography, http://dblp.org}
}

@inproceedings{anycode-oopsla15,
 author = {Gvero, Tihomir and Kuncak, Viktor},
 title = {Synthesizing {Java} Expressions from Free-form Queries},
 booktitle = {Proceedings of the 2015 ACM SIGPLAN International Conference on Object-Oriented Programming, Systems, Languages, and Applications},
 series = {OOPSLA 2015},
 year = {2015},
 isbn = {978-1-4503-3689-5},
 location = {Pittsburgh, PA, USA},
 pages = {416--432},
 numpages = {17},
 url = {http://doi.acm.org/10.1145/2814270.2814295},
 doi = {10.1145/2814270.2814295},
 acmid = {2814295},
 publisher = {ACM},
 address = {New York, NY, USA},
 keywords = {Autocompletion, Natural Language Processing, Program Repair, Program Synthesis},
} 

@INPROCEEDINGS{Raghothaman-ICSE16,
  author    = {Mukund Raghothaman and
               Yi Wei and
               Youssef Hamadi},
  title     = {{SWIM:} Synthesizing What {I} Mean},
  booktitle = {Proceedings of the 38th International Conference on Software Engineering},
	series = {ICSE'16},
	year = {2016},
  publisher = {ACM},
}

@inproceedings{mou-aaai16,
 author = {L. Mou and G. Li and L. Zhang and T. Wang and Z. Jin},
 title = {Convolutional neural networks over tree structures for
programming language processing},
 booktitle = {Proceedings of the Thirtieth AAAI Conference on Artificial Intelligence},
 series = {AAAI'16},
 year = {2016},
} 

@article{peng-16-1,
  author    = {Hao Peng and Lili Mou and Ge Li and Yuxuan Liu and Lu Zhang and Zhi Jin},
  title     = {Building Program Vector Representations for Deep Learning},
  journal   = {Knowledge Science, Engineering and Management, Lecture Notes in Computer Science},
  volume    = {9403},
  pages     = {547--553},
  year      = {2015},
}

@inproceedings{singer98,
 author = {Singer, Janice},
 title = {Practices of Software Maintenance},
 booktitle = {Proceedings of the International Conference on Software Maintenance},
 series = {ICSM '98},
 year = {1998},
 isbn = {0-8186-8779-7},
 pages = {139--},
 url = {http://dl.acm.org/citation.cfm?id=850947.853305},
 acmid = {853305},
 publisher = {IEEE CS},
 keywords = {empirical study, work practices, large scale systems},
} 

@inproceedings{dagenais-fse10,
 author = {Dagenais, Barth{\'e}l{\'e}my and Robillard, Martin P.},
 title = {Creating and Evolving Developer Documentation: Understanding the Decisions of Open Source Contributors},
 booktitle = {Proceedings of the Eighteenth ACM SIGSOFT International Symposium on Foundations of Software Engineering},
 series = {FSE '10},
 year = {2010},
 pages = {127--136},
 publisher = {ACM},
 keywords = {developer documentation, framework, grounded theory, open source projects, qualitative studies, software documentation},
} 

@inproceedings{dagenais-icse12,
 author = {Dagenais, Barth{\'e}l{\'e}my and Robillard, Martin P.},
 title = {Recovering Traceability Links Between an {API} and Its Learning Resources},
 booktitle = {Proceedings of the 34th International Conference on Software Engineering},
 series = {ICSE '12},
 year = {2012},
 pages = {47--57},
 publisher = {IEEE Press},
} 

@inproceedings{parnin11,
 author = {Parnin, Chris and Treude, Christoph},
 title = {Measuring {API} Documentation on the {Web}},
 booktitle = {Proceedings of the 2nd International Workshop on Web 2.0 for Software Engineering},
 series = {Web2SE '11},
 year = {2011},
 isbn = {978-1-4503-0595-2},
 location = {Waikiki, Honolulu, HI, USA},
 pages = {25--30},
 numpages = {6},
 url = {http://doi.acm.org/10.1145/1984701.1984706},
 doi = {10.1145/1984701.1984706},
 acmid = {1984706},
 publisher = {ACM},
 keywords = {api documentation, crowd documentation, social media},
} 

@inproceedings{liveapi14,
 author = {Subramanian, Siddharth and Inozemtseva, Laura and Holmes, Reid},
 title = {Live {API} Documentation},
 booktitle = {Proceedings of the 36th International Conference on Software Engineering},
 series = {ICSE'14},
 year = {2014},
 isbn = {978-1-4503-2756-5},
 location = {Hyderabad, India},
 pages = {643--652},
 numpages = {10},
 url = {http://doi.acm.org/10.1145/2568225.2568313},
 doi = {10.1145/2568225.2568313},
 acmid = {2568313},
 publisher = {ACM},
 keywords = {Source code examples, documentation, source code search},
} 

@inproceedings{rigby-icse13,
 author = {Rigby, Peter C. and Robillard, Martin P.},
 title = {Discovering Essential Code Elements in Informal Documentation},
 booktitle = {Proceedings of the 2013 International Conference on Software Engineering},
 series = {ICSE '13},
 year = {2013},
 isbn = {978-1-4673-3076-3},
 location = {San Francisco, CA, USA},
 pages = {832--841},
 numpages = {10},
 url = {http://dl.acm.org/citation.cfm?id=2486788.2486897},
 acmid = {2486897},
 publisher = {IEEE Press},
} 

@inproceedings{dagenais-oopsla08,
 author = {Dagenais, Barth{\'e}l{\'e}my and Hendren, Laurie},
 title = {Enabling Static Analysis for Partial {Java} Programs},
 booktitle = {Proceedings of the 23rd ACM SIGPLAN Conference on Object-oriented Programming Systems Languages and Applications},
 series = {OOPSLA '08},
 year = {2008},
 isbn = {978-1-60558-215-3},
 location = {Nashville, TN, USA},
 pages = {313--328},
 publisher = {ACM},
 keywords = {java, partial programs, type inference},
} 

@article{knight99,
 author = {Knight, Kevin},
 title = {Decoding Complexity in Word-replacement Translation Models},
 journal = {Comput. Linguist.},
 issue_date = {December 1999},
 volume = {25},
 number = {4},
 month = dec,
 year = {1999},
 issn = {0891-2017},
 pages = {607--615},
 numpages = {9},
 url = {http://dl.acm.org/citation.cfm?id=973226.973232},
 acmid = {973232},
 publisher = {MIT Press},
 address = {Cambridge, MA, USA},
} 

@inproceedings{dagenais-fse08,
 author = {Dagenais, Barth{\'e}l{\'e}my and Ossher, Harold},
 title = {Automatically Locating Framework Extension Examples},
 booktitle = {Proceedings of the 16th ACM SIGSOFT International Symposium on Foundations of Software Engineering},
 series = {SIGSOFT '08/FSE-16},
 year = {2008},
 isbn = {978-1-59593-995-1},
 location = {Atlanta, Georgia},
 pages = {203--213},
 numpages = {11},
 url = {http://doi.acm.org/10.1145/1453101.1453129},
 doi = {10.1145/1453101.1453129},
 acmid = {1453129},
 publisher = {ACM},
 address = {New York, NY, USA},
} 

@inproceedings{bacchelli-icse10,
 author = {Bacchelli, Alberto and Lanza, Michele and Robbes, Romain},
 title = {Linking e-Mails and Source Code Artifacts},
 booktitle = {Proceedings of the 32nd ACM/IEEE International Conference on Software Engineering - Volume 1},
 series = {ICSE '10},
 year = {2010},
 pages = {375--384},
 numpages = {10},
 publisher = {ACM},
} 

@inproceedings{marcus-icse03,
 author = {Marcus, Andrian and Maletic, Jonathan I.},
 title = {Recovering Documentation-to-source-code Traceability Links Using {Latent Semantic Indexing}},
 booktitle = {Proceedings of the 25th International Conference on Software Engineering},
 series = {ICSE '03},
 year = {2003},
 pages = {125--135},
 numpages = {11},
 publisher = {IEEE Computer Society},
} 

@inproceedings{buglocator-icse12,
 author = {Zhou, Jian and Zhang, Hongyu and Lo, David},
 title = {Where Should the Bugs Be Fixed? - More Accurate Information Retrieval-based Bug Localization Based on Bug Reports},
 booktitle = {Proceedings of the 34th International Conference on Software Engineering},
 series = {ICSE '12},
 year = {2012},
 pages = {14--24},
 publisher = {IEEE Press},
} 

@inproceedings{ye-fse14,
 author = {Ye, Xin and Bunescu, Razvan and Liu, Chang},
 title = {Learning to Rank Relevant Files for Bug Reports Using Domain Knowledge},
 booktitle = {Proceedings of the 22nd ACM SIGSOFT International Symposium on Foundations of Software Engineering},
 series = {FSE'14},
 year = {2014},
 pages = {689--699},
 publisher = {ACM},
}

@inproceedings{ase15-nier,
 author = {Lam, An Ngoc and Nguyen, Anh Tuan and Nguyen, Hoan Anh and Nguyen, Tien N.},
 title = {Combining Deep Learning with Information Retrieval to Localize Buggy Files for Bug Reports (N)},
 booktitle = {Proceedings of the 2015 30th IEEE/ACM International Conference on Automated Software Engineering (ASE)},
 series = {ASE '15},
 year = {2015},
 isbn = {978-1-5090-0025-8},
 pages = {476--481},
 numpages = {6},
 url = {http://dx.doi.org/10.1109/ASE.2015.73},
 doi = {10.1109/ASE.2015.73},
 acmid = {2916164},
 publisher = {IEEE CS},
} 

@INPROCEEDINGS{saha-ase13, 
author={Saha, R.K. and Lease, M. and Khurshid, S. and Perry, D.E.}, 
booktitle={Proceedings of the 28th IEEE/ACM International Conference on Automated Software Engineering (ASE'13)}, 
title={Improving bug localization using structured information retrieval}, 
year={2013},
pages={345-355}, 
publisher = {IEEE CS},
}

@INPROCEEDINGS{wang-icsm14, 
author={Shaowei Wang and David Lo and Julia Lawall},
booktitle={Proceedings of the 30th IEEE International Conference on Software Maintenance and Evolution (ICSME'14)}, 
title={Compositional Vector Space Models for Improved Bug Localization},
year={2014}, 
publisher={IEEE CS},
}

@article{kim-tse13,
  title={Where should we fix this bug? a two-phase recommendation model},
  author={Kim, Dongsun and Tao, Yida and Kim, Sunghun and Zeller, Andreas},
  journal={ IEEE Transactions on Software Engineering},
  volume={39},
  number={11},
  pages={1597--1610},
  year={2013},
  publisher={IEEE}
}

@article{poshyvanyk07,
 author = {Poshyvanyk, Denys and Gueheneuc, Yann-Gael and Marcus, Andrian and Antoniol, Giuliano and Rajlich, Vaclav},
 title = {Feature Location Using Probabilistic Ranking of Methods Based on Execution Scenarios and Information Retrieval},
 journal = {IEEE Trans. Softw. Eng.},
 issue_date = {June 2007},
 volume = {33},
 number = {6},
 month = jun,
 year = {2007},
 pages = {420--432},
 publisher = {IEEE Press},
} 

@inproceedings{liu-ase07,
 author = {Liu, Dapeng and Marcus, Andrian and Poshyvanyk, Denys and Rajlich, Vaclav},
 title = {Feature Location via Information Retrieval Based Filtering of a Single Scenario Execution Trace},
 booktitle = {Proceedings of the Twenty-second IEEE/ACM International Conference on Automated Software Engineering},
 series = {ASE '07},
 year = {2007},
 pages = {234--243},
 publisher = {ACM},
}  

@inproceedings{trase10,
 author = {Asuncion, Hazeline U. and Asuncion, Arthur U. and Taylor, Richard N.},
 title = {Software Traceability with Topic Modeling},
 booktitle = {Proceedings of the 32nd ACM/IEEE International Conference on Software Engineering - Volume 1},
 series = {ICSE '10},
 year = {2010},
 pages = {95--104},
 publisher = {ACM},
}

@inproceedings{mcmillan11,
 author = {McMillan, Collin and Grechanik, Mark and Poshyvanyk, Denys and Xie, Qing and Fu, Chen},
 title = {Portfolio: Finding Relevant Functions and Their Usage},
 booktitle = {Proceedings of the 33rd International Conference on Software Engineering},
 series = {ICSE '11},
 year = {2011},
 pages = {111--120},
 publisher = {ACM},
} 

@inproceedings{delucia-ase08,
 author = {De Lucia, Andrea and Oliveto, Rocco and Tortora, Genoveffa},
 title = {{Adams Re-trace: Traceability Link Recovery via Latent Semantic Indexing}},
 booktitle = {Proceedings of the 30th International Conference on Software Engineering},
 series = {ICSE '08},
 year = {2008},
 pages = {839--842},
 publisher = {ACM},
 keywords = {ir-based traceability recovery, latent semantic indexing},
} 



@INPROCEEDINGS{ase11,
author={A. T. Nguyen and T. T. Nguyen and J. Al-Kofahi and H. V. Nguyen and T. N. Nguyen}, 
booktitle={Proceedings of the 26th IEEE/ACM International Conference on Automated Software Engineering (ASE 2011)}, 
title={A topic-based approach for narrowing the search space of buggy files from a bug report}, 
year={2011}, 
pages={263-272}, 
publisher= {IEEE CS},
}

@INPROCEEDINGS{MSRChallenge2013,
   author={Alberto Bacchelli},
   title={Mining Challenge 2013: StackOverflow},
   booktitle={the 10th Working Conference on Mining Software Repositories},
   year={2013},
   pages={to appear}
 }

@MISC{phrasalwebsite,
        TITLE     = {Stanford Phrasal: A Phrase-Based Translation System},
        HOWPUBLISHED = {http://nlp.stanford.edu/phrasal/},
        KEY       = {Phrasal},
}

@MISC{soexample,
        TITLE     = {{Add GWT Widgets inside an iFrame in UIBinder?}},
        HOWPUBLISHED = {http://stackoverflow.com/questions/34595450/add-gwt-widgets-inside-an-iframe-in-uibinder/},
        KEY       = {GWT Widgets},
}


@book{jurafsky14,
 author = {Jurafsky, Daniel and Martin, James H.},
 title = {Speech and Language Processing (2nd Edition)},
 year = {2009},
 isbn = {0131873210},
 publisher = {Prentice-Hall, Inc.},
 address = {Upper Saddle River, NJ, USA},
} 

@inproceedings{raychev-popl15,
 author = {Raychev, Veselin and Vechev, Martin and Krause, Andreas},
 title = {Predicting Program Properties from "Big Code"},
 booktitle = {Proceedings of the 42nd Annual ACM SIGPLAN-SIGACT Symposium on Principles of Programming Languages},
 series = {POPL '15},
 year = {2015},
 pages = {111--124},
 publisher = {ACM},
} 