@article{brockschmidt2018generative,
	title={Generative code modeling with graphs},
	author={Brockschmidt, Marc and Allamanis, Miltiadis and Gaunt, Alexander L and Polozov, Oleksandr},
	journal={arXiv preprint arXiv:1805.08490},
	year={2018}
}

@inproceedings{huang2016supervised,
	title={Supervised word mover's distance},
	author={Huang, Gao and Quo, Chuan and Kusner, Matt J and Sun, Yu and Weinberger, Kilian Q and Sha, Fei},
	booktitle={Proceedings of the 30th International Conference on Neural Information Processing Systems},
	pages={4869--4877},
	year={2016}
}

@article{mccann2017learned,
	title={Learned in translation: Contextualized word vectors},
	author={McCann, Bryan and Bradbury, James and Xiong, Caiming and Socher, Richard},
	journal={arXiv preprint arXiv:1708.00107},
	year={2017}
}

@article{peters2019knowledge,
	title={Knowledge enhanced contextual word representations},
	author={Peters, Matthew E and Neumann, Mark and Logan IV, Robert L and Schwartz, Roy and Joshi, Vidur and Singh, Sameer and Smith, Noah A},
	journal={arXiv preprint arXiv:1909.04164},
	year={2019}
}

@article{bojanowski2017enriching,
	title={Enriching word vectors with subword information},
	author={Bojanowski, Piotr and Grave, Edouard and Joulin, Armand and Mikolov, Tomas},
	journal={Transactions of the Association for Computational Linguistics},
	volume={5},
	pages={135--146},
	year={2017},
	publisher={MIT Press}
}

@article{hochreiter1997long,
	title={Long short-term memory},
	author={Hochreiter, Sepp and Schmidhuber, J{\"u}rgen},
	journal={Neural computation},
	volume={9},
	number={8},
	pages={1735--1780},
	year={1997},
	publisher={MIT Press}
}

@inproceedings{wang2018densely,
	title={Densely Connected CNN with Multi-scale Feature Attention for Text Classification.},
	author={Wang, Shiyao and Huang, Minlie and Deng, Zhidong},
	booktitle={IJCAI},
	pages={4468--4474},
	year={2018}
}

@article{chung2016hierarchical,
	title={Hierarchical multiscale recurrent neural networks},
	author={Chung, Junyoung and Ahn, Sungjin and Bengio, Yoshua},
	journal={arXiv preprint arXiv:1609.01704},
	year={2016}
}

@techreport{gao2018hierarchical,
	title={Hierarchical convolutional attention networks for text classification},
	author={Gao, Shang and Ramanathan, Arvind and Tourassi, Georgia},
	year={2018},
	institution={Oak Ridge National Lab.(ORNL), Oak Ridge, TN (United States)}
}

@article{girshick2015region,
	title={Region-based convolutional networks for accurate object detection and segmentation},
	author={Girshick, Ross and Donahue, Jeff and Darrell, Trevor and Malik, Jitendra},
	journal={IEEE transactions on pattern analysis and machine intelligence},
	volume={38},
	number={1},
	pages={142--158},
	year={2015},
	publisher={IEEE}
}

@inproceedings{perozzi2014deepwalk,
	title={Deepwalk: Online learning of social representations},
	author={Perozzi, Bryan and Al-Rfou, Rami and Skiena, Steven},
	booktitle={Proceedings of the 20th ACM SIGKDD international conference on Knowledge discovery and data mining},
	pages={701--710},
	year={2014},
	organization={ACM}
}

@article{wong2009bp,
	title={BP neural network-based effective fault localization},
	author={Wong, W Eric and Qi, Yu},
	journal={International Journal of Software Engineering and Knowledge Engineering},
	volume={19},
	number={04},
	pages={573--597},
	year={2009},
	publisher={World Scientific}
}

@article{zhang2017deep,
	title={Deep Learning-Based Fault Localization with Contextual Information},
	author={Zhang, Zhuo and Lei, Yan and Tan, Qingping and Mao, Xiaoguang and Zeng, Ping and Chang, Xi},
	journal={Ieice Transactions on Information and Systems},
	volume={100},
	number={12},
	pages={3027--3031},
	year={2017},
	publisher={The Institute of Electronics, Information and Communication Engineers}
}

@inproceedings{briand2007using,
	title={Using machine learning to support debugging with tarantula},
	author={Briand, Lionel C and Labiche, Yvan and Liu, Xuetao},
	booktitle={The 18th IEEE International Symposium on Software Reliability (ISSRE'07)},
	pages={137--146},
	year={2007},
	organization={IEEE}
}

@article{zheng2016fault,
	title={Fault localization analysis based on deep neural network},
	author={Zheng, Wei and Hu, Desheng and Wang, Jing},
	journal={Mathematical Problems in Engineering},
	volume={2016},
	year={2016},
	publisher={Hindawi}
}

@inproceedings{sohn2017fluccs,
	title={Fluccs: Using code and change metrics to improve fault localization},
	author={Sohn, Jeongju and Yoo, Shin},
	booktitle={Proceedings of the 26th ACM SIGSOFT International Symposium on Software Testing and Analysis},
	pages={273--283},
	year={2017},
	organization={ACM}
}

@article{li2017transforming,
	title={Transforming programs and tests in tandem for fault localization},
	author={Li, Xia and Zhang, Lingming},
	journal={Proceedings of the ACM on Programming Languages},
	volume={1},
	number={OOPSLA},
	pages={92},
	year={2017},
	publisher={ACM}
}

@inproceedings{xuan2014learning,
	title={Learning to combine multiple ranking metrics for fault localization},
	author={Xuan, Jifeng and Monperrus, Martin},
	booktitle={2014 IEEE International Conference on Software Maintenance and Evolution},
	pages={191--200},
	year={2014},
	organization={IEEE}
}

@inproceedings{b2016learning,
	title={A learning-to-rank based fault localization approach using likely invariants},
	author={B Le, Tien-Duy and Lo, David and Le Goues, Claire and Grunske, Lars},
	booktitle={Proceedings of the 25th International Symposium on Software Testing and Analysis},
	pages={177--188},
	year={2016},
	organization={ACM}
}

@inproceedings{moon2014ask,
	title={Ask the mutants: Mutating faulty programs for fault localization},
	author={Moon, Seokhyeon and Kim, Yunho and Kim, Moonzoo and Yoo, Shin},
	booktitle={2014 IEEE Seventh International Conference on Software Testing, Verification and Validation},
	pages={153--162},
	year={2014},
	organization={IEEE}
}

@article{papadakis2015metallaxis,
	title={Metallaxis-FL: mutation-based fault localization},
	author={Papadakis, Mike and Le Traon, Yves},
	journal={Software Testing, Verification and Reliability},
	volume={25},
	number={5-7},
	pages={605--628},
	year={2015},
	publisher={Wiley Online Library}
}

@inproceedings{papadakis2012using,
	title={Using mutants to locate" unknown" faults},
	author={Papadakis, Mike and Le Traon, Yves},
	booktitle={2012 IEEE Fifth International Conference on Software Testing, Verification and Validation},
	pages={691--700},
	year={2012},
	organization={IEEE}
}

@article{musco2017large,
	title={A large-scale study of call graph-based impact prediction using mutation testing},
	author={Musco, Vincenzo and Monperrus, Martin and Preux, Philippe},
	journal={Software Quality Journal},
	volume={25},
	number={3},
	pages={921--950},
	year={2017},
	publisher={Springer}
}

@inproceedings{zhang2010test,
	title={Test generation via dynamic symbolic execution for mutation testing},
	author={Zhang, Lingming and Xie, Tao and Zhang, Lu and Tillmann, Nikolai and De Halleux, Jonathan and Mei, Hong},
	booktitle={2010 IEEE International Conference on Software Maintenance},
	pages={1--10},
	year={2010},
	organization={IEEE}
}

@article{budd1981mutation,
	title={MUTATION ANALYSIS OF PROGRAM TEST DATA.},
	author={Budd, Timothy Alan},
	year={1981}
}

@inproceedings{zhang2013injecting,
	title={Injecting mechanical faults to localize developer faults for evolving software},
	author={Zhang, Lingming and Zhang, Lu and Khurshid, Sarfraz},
	booktitle={ACM SIGPLAN Notices},
	volume={48},
	number={10},
	pages={765--784},
	year={2013},
	organization={ACM}
}

@inproceedings{moon2014ask,
	title={Ask the mutants: Mutating faulty programs for fault localization},
	author={Moon, Seokhyeon and Kim, Yunho and Kim, Moonzoo and Yoo, Shin},
	booktitle={2014 IEEE Seventh International Conference on Software Testing, Verification and Validation},
	pages={153--162},
	year={2014},
	organization={IEEE}
}

@article{lucia2014extended,
	title={Extended comprehensive study of association measures for fault localization},
	author={Lucia, Lucia and Lo, David and Jiang, Lingxiao and Thung, Ferdian and Budi, Aditya},
	journal={Journal of software: Evolution and Process},
	volume={26},
	number={2},
	pages={172--219},
	year={2014},
	publisher={Wiley Online Library}
}

@inproceedings{liblit2005scalable,
	title={Scalable statistical bug isolation},
	author={Liblit, Ben and Naik, Mayur and Zheng, Alice X and Aiken, Alex and Jordan, Michael I},
	booktitle={Acm Sigplan Notices},
	volume={40},
	number={6},
	pages={15--26},
	year={2005},
	organization={ACM}
}

@inproceedings{jones2001visualization,
	title={Visualization for fault localization},
	author={Jones, James A and Harrold, Mary Jean and Stasko, John T},
	booktitle={in Proceedings of ICSE 2001 Workshop on Software Visualization},
	year={2001},
	organization={Citeseer}
}

@inproceedings{keller2017critical,
	title={A critical evaluation of spectrum-based fault localization techniques on a large-scale software system},
	author={Keller, Fabian and Grunske, Lars and Heiden, Simon and Filieri, Antonio and van Hoorn, Andre and Lo, David},
	booktitle={2017 IEEE International Conference on Software Quality, Reliability and Security (QRS)},
	pages={114--125},
	year={2017},
	organization={IEEE}
}

@inproceedings{wong2007effective,
	title={Effective fault localization using code coverage},
	author={Wong, W Eric and Qi, Yu and Zhao, Lei and Cai, Kai-Yuan},
	booktitle={31st Annual International Computer Software and Applications Conference (COMPSAC 2007)},
	volume={1},
	pages={449--456},
	year={2007},
	organization={IEEE}
}

@article{naish2011model,
	title={A model for spectra-based software diagnosis},
	author={Naish, Lee and Lee, Hua Jie and Ramamohanarao, Kotagiri},
	journal={ACM Transactions on software engineering and methodology (TOSEM)},
	volume={20},
	number={3},
	pages={11},
	year={2011},
	publisher={ACM}
}

@inproceedings{abreu2006evaluation,
	title={An evaluation of similarity coefficients for software fault localization},
	author={Abreu, Rui and Zoeteweij, Peter and Van Gemund, Arjan JC},
	booktitle={2006 12th Pacific Rim International Symposium on Dependable Computing (PRDC'06)},
	pages={39--46},
	year={2006},
	organization={IEEE}
}

@inproceedings{jones2005empirical,
	title={Empirical evaluation of the tarantula automatic fault-localization technique},
	author={Jones, James A and Harrold, Mary Jean},
	booktitle={Proceedings of the 20th IEEE/ACM international Conference on Automated software engineering},
	pages={273--282},
	year={2005},
	organization={ACM}
}

@inproceedings{abreu2007accuracy,
	title={On the accuracy of spectrum-based fault localization},
	author={Abreu, Rui and Zoeteweij, Peter and Van Gemund, Arjan JC},
	booktitle={Testing: Academic and Industrial Conference Practice and Research Techniques-MUTATION (TAICPART-MUTATION 2007)},
	pages={89--98},
	year={2007},
	organization={IEEE}
}

@inproceedings{zhang2011localizing,
	title={Localizing failure-inducing program edits based on spectrum information},
	author={Zhang, Lingming and Kim, Miryung and Khurshid, Sarfraz},
	booktitle={2011 27th IEEE International Conference on Software Maintenance (ICSM)},
	pages={23--32},
	year={2011},
	organization={IEEE}
}

@online{boa,
	title = {Boa is a domain-specific language and infrastructure},
	year = 2019,
	url = {http://boa.cs.iastate.edu/},
}



@online{dimacs,
	title = {BDIMACS is the Center for Discrete Mathematics and Theoretical Computer Science},
	url = {http://dimacs.rutgers.edu/about/},
}



@online{njii,
	title = {The New Jersey Innovation Institute is an NJIT corporation},
	url = {https://njii.com/},
}

@online{rlsepl,
	title = {The 1st International Workshop on Representation Learning for Software Engineering and Program Languages},
	url = {https://rlsepl-fse.github.io/},
}

@inproceedings{Dyer-Nguyen-Rajan-Nguyen-13,
	author = {Dyer, Robert and Nguyen, Hoan Anh and Rajan, Hridesh and Nguyen, Tien N.},
	title = {Boa: A Language and Infrastructure for Analyzing Ultra-Large-Scale Software Repositories},
	booktitle = {Proceedings of the 35th International Conference on Software Engineering},
	year = {2013},
	series = {{ICSE}'13},
	pages = {422--431},
	location = {San Francisco, CA},
}


@inproceedings{icse_fl_21,
	author = {Li, Yi and Wang, Shaohua and Nguyen, Tien N.},
	title = {Improving Fault Localization via Code and Testing Information Representation Learning},
	booktitle = {Submitted to ICSE},
	year = {2020}
}

@inproceedings{icse_fl_20,
	author = {Li, Yi and Wang, Shaohua and Nguyen, Tien N.},
	title = {D{L}{F}ix: Context-based Code Transformation Learning for Automated Program Repair},
	booktitle = {Proceedings of the ACM/IEEE 42nd International Conference on Software Engineering (ICSE'20)},
	year = {2020},
	
}


@book{Goodfellow-et-al-2016,
	title={Deep Learning},
	author={Ian Goodfellow and Yoshua Bengio and Aaron Courville},
	publisher={MIT Press},
	note={\url{http://www.deeplearningbook.org}},
	year={2016}
}

@inproceedings{son-2019-ase,
	title={Combining Program Analysis and Statistical Language Model for Code Statement Completion},
	author={Nguyen,Son Van and Nguyen, Tien N. and Li, Yi and Wang, Shaohua Wang},
	booktitle={Proceedings of the 34th IEEE/ACM International Conference on Automated Software Engineering Conference (ASE 2019)},
	year={2019},
	organization={IEEE}
}

@article{noei2019towards,
	title={Towards prioritizing user-related issue reports of mobile applications},
	author={Noei, Ehsan and Zhang, Feng and Wang, Shaohua and Zou, Ying},
	journal={Empirical Software Engineering},
	volume={24},
	number={4},
	pages={1964--1996},
	year={2019},
	publisher={Springer}
}

@article{wang2016improving,
	title={Improving bug management using correlations in crash reports},
	author={Wang, Shaohua and Khomh, Foutse and Zou, Ying},
	journal={Empirical Software Engineering},
	volume={21},
	number={2},
	pages={337--367},
	year={2016},
	publisher={Springer}
}

@inproceedings{wang2013improving,
	title={Improving bug localization using correlations in crash reports},
	author={Wang, Shaohua and Khomh, Foutse and Zou, Ying},
	booktitle={Proceedings of the 10th Working Conference on Mining Software Repositories},
	pages={247--256},
	year={2013},
	organization={IEEE Press}
}

@inproceedings{wang2014developers,
	title={How do developers react to restful api evolution?},
	author={Wang, Shaohua and Keivanloo, Iman and Zou, Ying},
	booktitle={International Conference on Service-Oriented Computing},
	pages={245--259},
	year={2014},
	organization={Springer}
}

@inproceedings{venkatesh2016client,
	title={What do client developers concern when using web apis? an empirical study on developer forums and stack overflow},
	author={Venkatesh, Pradeep K and Wang, Shaohua and Zhang, Feng and Zou, Ying and Hassan, Ahmed E},
	booktitle={2016 IEEE International Conference on Web Services (ICWS)},
	pages={131--138},
	year={2016},
	organization={IEEE}
}

@article{barbour2018investigation,
	title={An investigation of the fault-proneness of clone evolutionary patterns},
	author={Barbour, Liliane and An, Le and Khomh, Foutse and Zou, Ying and Wang, Shaohua},
	journal={Software Quality Journal},
	volume={26},
	number={4},
	pages={1187--1222},
	year={2018},
	publisher={Springer}
}

@inproceedings{wang2019extracting,
	title={Extracting API tips from developer question and answer websites},
	author={Wang, Shaohua and Phan, NhatHai and Wang, Yan and Zhao, Yong},
	booktitle={Proceedings of the 16th International Conference on Mining Software Repositories},
	pages={321--332},
	year={2019},
	organization={IEEE Press}
}

@article{goyal2018graph,
	title={Graph embedding techniques, applications, and performance: A survey},
	author={Goyal, Palash and Ferrara, Emilio},
	journal={Knowledge-Based Systems},
	volume={151},
	pages={78--94},
	year={2018},
	publisher={Elsevier}
}


@article{oopsla19,
author = {Li, Yi and Wang, Shaohua and Nguyen, Tien N. and Van Nguyen, Son},
title = {Improving Bug Detection via Context-Based Code Representation Learning and Attention-Based Neural Networks},
year = {2019},
issue_date = {October 2019},
publisher = {Association for Computing Machinery},
address = {New York, NY, USA},
volume = {3},
number = {OOPSLA},
url = {https://doi.org/10.1145/3360588},
doi = {10.1145/3360588},
journal = {Proc. ACM Program. Lang.},
month = oct,
articleno = {162},
numpages = {30},
}


@inproceedings{icse20,
	author = {Li, Yi and Wang, Shaohua and Nguyen, Tien N.},
	title = {D{L}{F}ix: Context-based Code Transformation Learning for Automated Program Repair},
	booktitle = {Proceedings of the 42th International Conference on Software Engineering},
	year = {2020},
	series = {{ICSE}'20},
}

@inproceedings{ase19,
author = {Nguyen, Son and Nguyen, Tien N. and Li, Yi and Wang, Shaohua},
title = {Combining Program Analysis and Statistical Language Model for Code Statement Completion},
year = {2019},
publisher = {IEEE Press},
url = {https://doi.org/10.1109/ASE.2019.00072},
doi = {10.1109/ASE.2019.00072},
booktitle = {Proceedings of the 34th IEEE/ACM International Conference on Automated Software Engineering},
pages = {710–721},
numpages = {12},
series = {ASE '19}
}

@inproceedings{word2vec,
  author    = {Tomas Mikolov and
               Ilya Sutskever and
               Kai Chen and
               Gregory S. Corrado and
               Jeffrey Dean},
  title     = {Distributed Representations of Words and Phrases and their Compositionality},
  booktitle = {27th Annual Conference on Neural Information Processing Systems 2013 (NIPS)},
  pages     = {3111--3119},
  year      = {2013},
}


@article{Alon-2018,
  author    = {Uri Alon and
               Meital Zilberstein and
               Omer Levy and
               Eran Yahav},
  title     = {code2vec: Learning Distributed Representations of Code},
  journal   = {CoRR},
  volume    = {abs/1803.09473},
  year      = {2018},
  url       = {http://arxiv.org/abs/1803.09473},
  archivePrefix = {arXiv},
  eprint    = {1803.09473},
  timestamp = {Mon, 13 Aug 2018 16:47:34 +0200},
  biburl    = {https://dblp.org/rec/bib/journals/corr/abs-1803-09473},
  bibsource = {dblp computer science bibliography, https://dblp.org}
}

@article{code2seq,
  author    = {Uri Alon and
               Omer Levy and
               Eran Yahav},
  title     = {code2seq: Generating Sequences from Structured Representations of
               Code},
  journal   = {CoRR},
  volume    = {abs/1808.01400},
  year      = {2018},
  url       = {http://arxiv.org/abs/1808.01400},
  archivePrefix = {arXiv},
  biburl    = {https://dblp.org/rec/journals/corr/abs-1808-01400.bib},
}

@article{devlin2018bert,
	title={Bert: Pre-training of deep bidirectional transformers for language understanding},
	author={Devlin, Jacob and Chang, Ming-Wei and Lee, Kenton and Toutanova, Kristina},
	journal={arXiv preprint arXiv:1810.04805},
	year={2018}
}

@inproceedings{kanade2020learning,
	title={Learning and Evaluating Contextual Embedding of Source Code},
	author={Kanade, Aditya and Maniatis, Petros and Balakrishnan, Gogul and Shi, Kensen},
	booktitle={International Conference on Machine Learning},
	pages={5110--5121},
	year={2020},
	organization={PMLR}
}

@article{GPTradford2018improvingGPT,
	title={Improving language understanding by generative pre-training},
	author={Radford, Alec and Narasimhan, Karthik and Salimans, Tim and Sutskever, Ilya},
	year={2018}
}

@online{iclr,
	title = {International Conference on Learning Representations}, 
	url = {https://iclr.cc/},
}


@Inproceedings {NAACL2013Regularities,
author       = {Tomas Mikolov and W.~T. Yih and Geoffrey Zweig},
booktitle    = {Proceedings of the 2013 Conference of the North American Chapter of the
                Association for Computational Linguistics: Human Language Technologies
                (NAACL-HLT-2013)},
month        = {May},
publisher    = {Association for Computational Linguistics},
title        = {Linguistic Regularities in Continuous Space Word Representations},
year         = {2013},
}

@inproceedings{icse17,
author = {Nguyen, Trong Duc and Nguyen, Anh Tuan and Phan, Hung Dang and Nguyen, Tien N.},
title = {Exploring API Embedding for API Usages and Applications},
year = {2017},
isbn = {9781538638682},
publisher = {IEEE Press},
url = {https://doi.org/10.1109/ICSE.2017.47},
doi = {10.1109/ICSE.2017.47},
booktitle = {Proceedings of the 39th International Conference on Software Engineering},
pages = {438–449},
numpages = {12},
location = {Buenos Aires, Argentina},
series = {ICSE '17}
}

@inproceedings{idbench,
author = {Yaza Wainakh, Moiz Rauf, and Michael Pradel},
title = {IdBench: Evaluating Semantic Representations of Identifier Names in Source Code},
year = {2021},
publisher = {IEEE Press},
booktitle = {Proceedings of the 43th International Conference on Software Engineering},
series = {ICSE '21}
}
