@inproceedings{bertolino2020learning,
  title={Learning-to-rank vs ranking-to-learn: strategies for regression testing in continuous integration},
  author={Bertolino, Antonia and Guerriero, Antonio and Miranda, Breno and Pietrantuono, Roberto and Russo, Stefano},
  booktitle={Proceedings of the ACM/IEEE 42nd International Conference on Software Engineering},
  pages={1--12},
  year={2020}
}

@inproceedings{yu2018study,
	title={A study of regression test selection in continuous integration environments},
	author={Yu, Tingting and Wang, Ting},
	booktitle={2018 IEEE 29th International Symposium on Software Reliability Engineering (ISSRE)},
	pages={135--143},
	year={2018},
	organization={IEEE}
}

@inproceedings{jiang2009adaptive,
	title={Adaptive random test case prioritization},
	author={Jiang, Bo and Zhang, Zhenyu and Chan, Wing Kwong and Tse, TH},
	booktitle={2009 IEEE/ACM International Conference on Automated Software Engineering},
	pages={233--244},
	year={2009},
	organization={IEEE}
}

@inproceedings{henard2016comparing,
	title={Comparing white-box and black-box test prioritization},
	author={Henard, Christopher and Papadakis, Mike and Harman, Mark and Jia, Yue and Le Traon, Yves},
	booktitle={2016 IEEE/ACM 38th International Conference on Software Engineering (ICSE)},
	pages={523--534},
	year={2016},
	organization={IEEE}
}

@inproceedings{spieker2017reinforcement,
	title={Reinforcement learning for automatic test case prioritization and selection in continuous integration},
	author={Spieker, Helge and Gotlieb, Arnaud and Marijan, Dusica and Mossige, Morten},
	booktitle={Proceedings of the 26th ACM SIGSOFT International Symposium on Software Testing and Analysis},
	pages={12--22},
	year={2017}
}

@book{duvall2007continuous,
	title={Continuous integration: improving software quality and reducing risk},
	author={Duvall, Paul M and Matyas, Steve and Glover, Andrew},
	year={2007},
	publisher={Pearson Education}
}


@inproceedings{elbaum2014techniques,
	title={Techniques for improving regression testing in continuous integration development environments},
	author={Elbaum, Sebastian and Rothermel, Gregg and Penix, John},
	booktitle={Proceedings of the 22nd ACM SIGSOFT International Symposium on Foundations of Software Engineering},
	pages={235--245},
	year={2014}
}

@inproceedings{memon2017taming,
	title={Taming Google-scale continuous testing},
	author={Memon, Atif and Gao, Zebao and Nguyen, Bao and Dhanda, Sanjeev and Nickell, Eric and Siemborski, Rob and Micco, John},
	booktitle={2017 IEEE/ACM 39th International Conference on Software Engineering: Software Engineering in Practice Track (ICSE-SEIP)},
	pages={233--242},
	year={2017},
	organization={IEEE}
}

@inproceedings{gligoric2015practical,
	title={Practical regression test selection with dynamic file dependencies},
	author={Gligoric, Milos and Eloussi, Lamyaa and Marinov, Darko},
	booktitle={Proceedings of the 2015 International Symposium on Software Testing and Analysis},
	pages={211--222},
	year={2015}
}

@inproceedings{qu2007combinatorial,
	title={Combinatorial interaction regression testing: A study of test case generation and prioritization},
	author={Qu, Xiao and Cohen, Myra B and Woolf, Katherine M},
	booktitle={2007 IEEE International Conference on Software Maintenance},
	pages={255--264},
	year={2007},
	organization={IEEE}
}

@inproceedings{de2011multi,
	title={A multi-objective particle swarm optimization for test case selection based on functional requirements coverage and execution effort},
	author={de Souza, Luciano S and de Miranda, Pericles BC and Prudencio, Ricardo BC and Barros, Flavia de A},
	booktitle={2011 IEEE 23rd International Conference on Tools with Artificial Intelligence},
	pages={245--252},
	year={2011},
	organization={IEEE}
}

@inproceedings{yu2010time,
	title={Time-constrained test selection for regression testing},
	author={Yu, Lian and Xu, Lei and Tsai, Wei-Tek},
	booktitle={International Conference on Advanced Data Mining and Applications},
	pages={221--232},
	year={2010},
	organization={Springer}
}

@inproceedings{kim2002history,
	title={A history-based test prioritization technique for regression testing in resource constrained environments},
	author={Kim, Jung-Min and Porter, Adam},
	booktitle={Proceedings of the 24th international conference on software engineering},
	pages={119--129},
	year={2002}
}

@inproceedings{marijan2013test,
	title={Test case prioritization for continuous regression testing: An industrial case study},
	author={Marijan, Dusica and Gotlieb, Arnaud and Sen, Sagar},
	booktitle={2013 IEEE International Conference on Software Maintenance},
	pages={540--543},
	year={2013},
	organization={IEEE}
}

@inproceedings{noor2015similarity,
	title={A similarity-based approach for test case prioritization using historical failure data},
	author={Noor, Tanzeem Bin and Hemmati, Hadi},
	booktitle={2015 IEEE 26th International Symposium on Software Reliability Engineering (ISSRE)},
	pages={58--68},
	year={2015},
	organization={IEEE}
}

@inproceedings{park2008historical,
	title={Historical value-based approach for cost-cognizant test case prioritization to improve the effectiveness of regression testing},
	author={Park, Hyuncheol and Ryu, Hoyeon and Baik, Jongmoon},
	booktitle={2008 Second International Conference on Secure System Integration and Reliability Improvement},
	pages={39--46},
	year={2008},
	organization={IEEE}
}

@inproceedings{gligoric2015ekstazi,
	title={Ekstazi: Lightweight test selection},
	author={Gligoric, Milos and Eloussi, Lamyaa and Marinov, Darko},
	booktitle={2015 IEEE/ACM 37th IEEE International Conference on Software Engineering},
	volume={2},
	pages={713--716},
	year={2015},
	organization={IEEE}
}

@inproceedings{kwon2014test,
	title={Test case prioritization based on information retrieval concepts},
	author={Kwon, Jung-Hyun and Ko, In-Young and Rothermel, Gregg and Staats, Matt},
	booktitle={2014 21st Asia-Pacific Software Engineering Conference},
	volume={1},
	pages={19--26},
	year={2014},
	organization={IEEE}
}

@inproceedings{saha2015information,
	title={An information retrieval approach for regression test prioritization based on program changes},
	author={Saha, Ripon K and Zhang, Lingming and Khurshid, Sarfraz and Perry, Dewayne E},
	booktitle={2015 IEEE/ACM 37th IEEE International Conference on Software Engineering},
	volume={1},
	pages={268--279},
	year={2015},
	organization={IEEE}
}

@article{di2015coverage,
	title={Coverage-based regression test case selection, minimization and prioritization: A case study on an industrial system},
	author={Di Nardo, Daniel and Alshahwan, Nadia and Briand, Lionel and Labiche, Yvan},
	journal={Software Testing, Verification and Reliability},
	volume={25},
	number={4},
	pages={371--396},
	year={2015},
	publisher={Wiley Online Library}
}


@article{haghighatkhah2018test,
	title={Test prioritization in continuous integration environments},
	author={Haghighatkhah, Alireza and M{\"a}ntyl{\"a}, Mika and Oivo, Markku and Kuvaja, Pasi},
	journal={Journal of Systems and Software},
	volume={146},
	pages={80--98},
	year={2018},
	publisher={Elsevier}
}

@inproceedings{hemmati2015prioritizing,
	title={Prioritizing manual test cases in traditional and rapid release environments},
	author={Hemmati, Hadi and Fang, Zhihan and Mantyla, Mika V},
	booktitle={2015 IEEE 8th International Conference on Software Testing, Verification and Validation (ICST)},
	pages={1--10},
	year={2015},
	organization={IEEE}
}

@inproceedings{yu2018study,
	title={A study of regression test selection in continuous integration environments},
	author={Yu, Tingting and Wang, Ting},
	booktitle={2018 IEEE 29th International Symposium on Software Reliability Engineering (ISSRE)},
	pages={135--143},
	year={2018},
	organization={IEEE}
}